
@article{Gronenschild2012,
  title = {The effects of FreeSurfer version, workstation type, and Macintosh operating system version on anatomical volume and cortical thickness measurements.},
  author = {Gronenschild, Ed H B M and Habets, Petra and Jacobs, Heidi I L and Mengelers, Ron and Rozendaal, Nico and van Os, Jim and Marcelis, Machteld},
  journal = {PloS one},
  number = {6},
  pages = {e38234},
  doi = {10.1371/journal.pone.0038234},
  volume = {7},
  year = {2012}
}

@ARTICLE{Glatard2015,
  title={Reproducibility of neuroimaging analyses across operating systems},
  author={Glatard, Tristan and Lewis, Lindsay B. and Ferreira da Silva, Rafael and Adalat, Reza and Beck, Natacha and Lepage, Claude and Rioux, Pierre and Rousseau, Marc-Etienne and Sherif, Tarek and Deelman, Ewa and Khalili-Mahani, Najmeh and Evans, Alan C.},
  journal={Frontiers in Neuroinformatics},
  volume={9},
  pages={12},
  doi={10.3389/fninf.2015.00012}  
  year={2015},

}

@article{Scaria2017,
  title={Reproducibility of Human Connectome Project pipelines across operating systems},
  author={Lalet Scaria, Lindsay B. Lewis, Najmeh Khalili-Mahani, Alan C. Evans, Tristan Glatard},
  conference={Neuroinformatics},
  doi={10.12751/incf.ni2017}
  year={2017},
}


@article{Glasser2013,
  title={The minimal preprocessing pipelines for the Human Connectome Project},
  author={Glasser, Matthew F and Sotiropoulos, Stamatios N and Wilson, J Anthony and Coalson, Timothy S and Fischl, Bruce and Andersson, Jesper L and Xu, Junqian and Jbabdi, Saad and Webster, Matthew and Polimeni, Jonathan R and others},
  journal={Neuroimage},
  volume={80},
  pages={105--124},
  year={2013},
  publisher={Elsevier}
}

@article{Chirigati2016,
  title={Reprozip: Computational reproducibility with eas},
  author={Fernando Chirigati, RÃ©mi Rampin, Dennis Shasha, and Juliana Freire},
  conference={International Conference on Management of Dat},
  pages={2085-2088}  
  year={2016},
  publisher={ACM New York, NY, USA}
}

