@article{glasser2015multi,
  title={A Multi-modal parcellation of human cerebral cortex},
  author={Glasser, MF and Coalson, Timothy and Robinson, Emma and Hacker, Carl and Harwell, John and Yacoub, Essa and Ugurbil, Kamil and Anderson, J and Beckmann, CF and Jenkinson, Mark and others},
  journal={Nature},
  year={2015}
}

@article{das2017cyberinfrastructure,
  title={Cyberinfrastructure for open science at the montreal neurological institute},
  author={Das, Samir and Glatard, Tristan and Rogers, Christine and Saigle, John and Paiva, Santiago and MacIntyre, Leigh and Safi-Harab, Mouna and Rousseau, Marc-Etienne and Stirling, Jordan and Khalili-Mahani, Najmeh and others},
  journal={Frontiers in neuroinformatics},
  volume={10},
  pages={53},
  year={2017},
  publisher={Frontiers}
}

@incollection{hill2017numerical,
  title={Numerical Reproducibility of Parallel and Distributed Stochastic Simulation Using High-Performance Computing},
  author={Hill, David RC},
  booktitle={Computational Frameworks},
  pages={95--109},
  year={2017},
  publisher={Elsevier}
}

@minc{md51992url,
title={MD5 Checksum method},
year={1992},
url={https://tools.ietf.org/html/rfc1321}
}

@article{glatard2017boutiques,
  title={Boutiques: a flexible framework for automated application integration in computing platforms},
  author={Glatard, Tristan and Kiar, Gregory and Aumentado-Armstrong, Tristan and Beck, Natacha and Bellec, Pierre and Bernard, R{\'e}mi and Bonnet, Axel and Camarasu-Pop, Sorina and Cervenansky, Fr{\'e}d{\'e}ric and Das, Samir and others},
  journal={arXiv preprint arXiv:1711.09713},
  year={2017}
}

@article{glasser2013minimal,
  title={The minimal preprocessing pipelines for the Human Connectome Project},
  author={Glasser, Matthew F and Sotiropoulos, Stamatios N and Wilson, J Anthony and Coalson, Timothy S and Fischl, Bruce and Andersson, Jesper L and Xu, Junqian and Jbabdi, Saad and Webster, Matthew and Polimeni, Jonathan R and others},
  journal={Neuroimage},
  volume={80},
  pages={105--124},
  year={2013},
  publisher={Elsevier}
}


@article{Glatard2015,
  title={Reproducibility of neuroimaging analyses across operating systems},
  author={Glatard, Tristan and Lewis, Lindsay B. and Ferreira da Silva, Rafael and Adalat, Reza and Beck, Natacha and Lepage, Claude and Rioux, Pierre and Rousseau, Marc-Etienne and Sherif, Tarek and Deelman, Ewa and Khalili-Mahani, Najmeh and Evans, Alan C.},
  journal={Frontiers in Neuroinformatics},
  volume={9},
  pages={12},
  doi={10.3389/fninf.2015.00012},
  year={2015}
}

@article{diethelm2012limits,
  title={The limits of reproducibility in numerical simulation},
  author={Diethelm, Kai},
  journal={Computing in Science \& Engineering},
  volume={14},
  number={1},
  pages={64--72},
  year={2012},
  publisher={AIP Publishing}
}


@article{Gronenschild2012,
  title = {The effects of FreeSurfer version, workstation type, and Macintosh operating system version on anatomical volume and cortical thickness measurements.},
  author = {Gronenschild, Ed H B M and Habets, Petra and Jacobs, Heidi I L and Mengelers, Ron and Rozendaal, Nico and van Os, Jim and Marcelis, Machteld},
  journal = {PloS one},
  number = {6},
  pages = {e38234},
  doi = {10.1371/journal.pone.0038234},
  volume = {7},
  year = {2012}
}


@article{Scaria2017,
  title={Reproducibility of Human Connectome Project pipelines across operating systems},
  author={Lalet Scaria and Lindsay B. Lewis and Najmeh Khalili-Mahani and Alan C. Evans and Tristan Glatard},
  conference={Neuroinformatics},
  doi={10.12751/incf.ni2017},
  year={2017}
}

@article{Chirigati2016,
  title={Reprozip: Computational reproducibility with ease},
  author={Chirigati, Fernando and Rampin, R{\'e}mi and Shasha, Dennis and Freire, Juliana},
  booktitle={Proceedings of the 2016 International Conference on Management of Data},
  pages={2085--2088},
  year={2016},
  organization={ACM}
}

@article{peng2011reproducible,
  title={Reproducible research in computational science},
  author={Peng, Roger D},
  journal={Science},
  volume={334},
  number={6060},
  pages={1226--1227},
  year={2011},
  publisher={American Association for the Advancement of Science}
}

@article{plesser2018reproducibility,
  title={Reproducibility vs. replicability: a brief history of a confused terminology},
  author={Plesser, Hans E},
  journal={Frontiers in neuroinformatics},
  volume={11},
  pages={76},
  year={2018},
  publisher={Frontiers}
}

@misc{acm2016terminology,
    title = {Association for Computing Machinery. Artifact Review and Badging.},
    year = {2016},
    url = {Available online at: https://www.acm.org/publications/policies/artifact-reviewbadging},
    note = {Accessed: 2018-11-13}
}
